@MISC{nakamoto2009,
  author = {S. Nakamoto},
  title = {{Bitcoin: A Peer-to-Peer Electronic Cash System}},
  url = {http://www.bitcoin.org/bitcoin.pdf},
  year = {2009}
}

@INPROCEEDINGS{zerocoin2013,
  author = {I. Miers and C. Garman and M. Green and A. D. Rubin},
  booktitle = {2013 IEEE Symposium on Security and Privacy}, 
  title = {{Zerocoin: Anonymous Distributed E-Cash from Bitcoin}}, 
  year = {2013},
  pages={397-411}
 }

@MISC{buterin2013,
  author = {V. Buterin},
  title = {{Ethereum: A Next-Generation Smart Contract and Decentralized Application Platform}},
  year = {2013},
  url = {https://github.com/ethereum/wiki/wiki/White-Paper},
}

@ARTICLE{SCIOT2016,
  author = {K. Christidis and M. {Devetsikiotis}},
  journal = {IEEE Access},
  title = {{Blockchains and Smart Contracts for the Internet of Things}},
  year = {2016},
  volume = {4},
  pages = {2292-2303}
}

@ARTICLE{Review2018,
  author = {T. M. {Fern\'{a}ndez-Caram\'{e}s} and P. {Fraga-Lamas}},
  journal = {IEEE Access},
  title = {{A Review on the Use of Blockchain for the Internet of Things}},
  year = {2018},
  volume = {6},
  pages = {32979-33001}
}

@INPROCEEDINGS{Eval2018,
  author = {R. Han and V. Gramoli and X. Xu},
  booktitle = {9th IFIP International Conference on New Technologies, Mobility and Security (NTMS), 2018},
  title = {{Evaluating Blockchains for IoT}},
  year = {2018},
  pages = {1-5}
}

@MISC{Salimitari2020,
  author = {M. Salimitari and M. Chatterjee and Y. Fallah},
  title = {{A Survey on Consensus Methods in Blockchain for Resource-constrained IoT Networks}},
  year = {2020},
  month = {4},
  url = {https://www.techrxiv.org/articles/preprint/A_Survey_on_Consensus_Methods_in_Blockchain_for_Resource-constrained_IoT_Networks/12152142},
  doi = {10.36227/techrxiv.12152142.v1}
}

@ARTICLE{convergence2019,
  author = {M. Maroufi and R. Abdolee and B. Tazekand}, 
  title = {{On the Convergence of Blockchain and Internet of Things (IoT) Technologies}}, 
  volume = {14}, 
  url = {https://www.articlegateway.com/index.php/JSIS/article/view/990}, 
  DOI = {10.33423/jsis.v14i1.990}, 
  number = {1}, 
  journal = {Journal of Strategic Innovation and Sustainability},
  year = {2019}
}
  
@MISC{Macdonald2017,
  author = {M. Macdonald and L. Liu-Thorrold and R. Julien},
  year = {2017},
  month = {02},
  title = {{The Blockchain: A Comparison of Platforms and Their Uses Beyond Bitcoin}},
  doi = {10.13140/RG.2.2.23274.52164}
}

@MISC{Coleman2018,
   author = {J. Coleman and L. Horne and L. Xuanji},
   title = {{Counterfactual: Generalized State Channels}},
   year = {2018},
   url = {http://l4.ventures/papers/statechannels.pdf},
}

@MISC{Lightning2016,
   author = {J. Poon and T. Dryja},
   title = {{The Bitcoin Lightning Network: Scalable Off-Chain Instant Payments}},
   year = {2016},
   url = {https://lightning.network/lightning-network-paper.pdf},
}

@MISC{Trinity2018,
   author = {J. XU and Z. Ji and Y. Li},
   title = {{An Off-chain Scaling Solution for Neo}},
   year = {2018},
   url = {https://trinity.tech/#/writepaper}
}

@MISC{EthereumSecurity,
   author = {Chen, Huashan and Pendleton, Marcus and Njilla, Laurent and Xu, Shouhuai},
   title = {A Survey on Ethereum Systems Security: Vulnerabilities, Attacks, and Defenses},
   year = {2020},
   issue_date = {June 2020},
   publisher = {Association for Computing Machinery},
   address = {New York, NY, USA},
   volume = {53},
   number = {3},
   issn = {0360-0300},
   url = {https://doi.org/10.1145/3391195},
   doi = {10.1145/3391195},
   journal = {ACM Comput. Surv.},
   month = jun,
   articleno = {67},
   numpages = {43}
}

@MISC{BlockchainSecurity,
   author={J. {Moubarak} and E. {Filiol} and M. {Chamoun}},
   booktitle={2018 IEEE Middle East and North Africa Communications Conference (MENACOMM)}, 
   title={On blockchain security and relevant attacks}, 
   year={2018},
   volume={},
   number={},
   pages={1-6}
}

@MISC{Tokens,
   author = {Di Angelo, Monika and Salzer, Gernot},
   year = {2020},
   month = {03},
   pages = {},
   title = {Tokens, Types, and Standards: Identification and Utilization in Ethereum},
   doi = {10.1109/DAPPS49028.2020.00001}
}

@MISC{Privacy,
    author={A. {Unterweger} and F. {Knirsch} and C. {Leixnering} and D. {Engel}},
    booktitle={2018 9th IFIP International Conference on New Technologies, Mobility and Security (NTMS)}, 
    title={Lessons Learned from Implementing a Privacy-Preserving Smart Contract in Ethereum}, 
    year={2018},
    volume={},
    number={},
    pages={1-5}
}