
@electronic{test:test,
  author        = "Test Test",
  title         = "Test-Title",
  url           = "www.example.com",
  year          = "2020"
}
